<?xml version="1.0" encoding="utf-8"?>
<record xmlns="http://www.loc.gov/MARC21/slim" xmlns:xsi="http://www.w3.org/2001/XMLSchema-instance" xsi:schemaLocation="http://www.loc.gov/MARC21/slim http://www.loc.gov/standards/marcxml/schema/MARC21slim.xsd">
	<leader>     nam a22     Mi 4500</leader>
	<controlfield tag="001">b12463632</controlfield>
	<controlfield tag="003">LeBAU</controlfield>
	<controlfield tag="006">m        d        </controlfield>
	<controlfield tag="007">cr cn |||m|||a</controlfield>
	<controlfield tag="008">210616s1948    le      o     000 0 ara d</controlfield>
	<datafield ind1=" " ind2=" " tag="040">
		<subfield code="a">ZYU</subfield>
		<subfield code="b">ara</subfield>
		<subfield code="e">rda</subfield>
		<subfield code="c">ZYU</subfield>
	</datafield>
	<datafield ind1="0" ind2="4" tag="082">
		<subfield code="a">351.751</subfield>
		<subfield code="2">20</subfield>
	</datafield>
	<datafield ind1="1" ind2=" " tag="110">
		<subfield code="6">880-01</subfield>
		<subfield code="a">Lebanon.</subfield>
		<subfield code="b">Mudīrīyat al-Diʻāyah wa-al-Nashr wa-al-Izāʻah,</subfield>
		<subfield code="e">issuing body.</subfield>
	</datafield>
	<datafield ind1="1" ind2="0" tag="240">
		<subfield code="6">880-02</subfield>
		<subfield code="a">Laws, etc.</subfield>
	</datafield>
	<datafield ind1="1" ind2="0" tag="245">
		<subfield code="6">880-03</subfield>
		<subfield code="a">Qānūn al-maṭbūʻāt, tārīkh 2 Aylūl sanat 1948 ;</subfield>
		<subfield code="b">Wa, Qānūn Niqābat al-Ṣiḥāfah al-Lubnānīyah, tārīkh 10 Aylūl sanat 1948 /</subfield>
		<subfield code="c">al-Jumhūrīyah al-Lubnānīyah, Wizārat al-Dākhilīyah, Mudīrīyat al-Diʻāyah wa-al-Nashr wa-al-Izāʻah.</subfield>
	</datafield>
	<datafield ind1=" " ind2="1" tag="264">
		<subfield code="6">880-04</subfield>
		<subfield code="a">[Lubnān] :</subfield>
		<subfield code="b">al-Jumhūrīyah al-Lubnānīyah, Wizārat al-Dākhilīyah, Mudīrīyat al-Diʻāyah wa-al-Nashr wa-al-Izāʻah,</subfield>
		<subfield code="c">[1948?]</subfield>
	</datafield>
	<datafield ind1=" " ind2=" " tag="300">
		<subfield code="6">880-05</subfield>
		<subfield code="a">online resource (52 pages)</subfield>
	</datafield>
	<datafield ind1=" " ind2=" " tag="336">
		<subfield code="a">text</subfield>
		<subfield code="2">rdacontent</subfield>
	</datafield>
	<datafield ind1=" " ind2=" " tag="337">
		<subfield code="a">computer</subfield>
		<subfield code="2">rdamedia</subfield>
	</datafield>
	<datafield ind1=" " ind2=" " tag="338">
		<subfield code="a">online resource</subfield>
		<subfield code="2">rdacarrier</subfield>
	</datafield>
	<datafield ind1=" " ind2=" " tag="500">
		<subfield code="a">Part of the Arabic Collections Online (ACO) project, contributed by American University of Beirut's Jafet Memorial Library.</subfield>
	</datafield>
	<datafield ind1=" " ind2=" " tag="533">
		<subfield code="a">Electronic reproduction.</subfield>
		<subfield code="b">New York, N.Y. :</subfield>
		<subfield code="c">New York University,</subfield>
		<subfield code="d">2021.</subfield>
		<subfield code="5">NNU</subfield>
	</datafield>
	<datafield ind1="2" ind2="4" tag="610">
		<subfield code="a">نقابة الصحافة اللبنانية.</subfield>
	</datafield>
	<datafield ind1="2" ind2="0" tag="610">
		<subfield code="a">Niqābat al-Ṣiḥāfah al-Lubnānīyah.</subfield>
	</datafield>
	<datafield ind1=" " ind2="4" tag="650">
		<subfield code="a">الصحافة</subfield>
		<subfield code="z">لبنان.</subfield>
	</datafield>
	<datafield ind1=" " ind2="4" tag="650">
		<subfield code="a">قانون المطبوعات</subfield>
		<subfield code="z">لبنان.</subfield>
	</datafield>
	<datafield ind1=" " ind2="0" tag="650">
		<subfield code="a">Press</subfield>
		<subfield code="z">Lebanon.</subfield>
	</datafield>
	<datafield ind1=" " ind2="0" tag="650">
		<subfield code="a">Press law</subfield>
		<subfield code="z">Lebanon.</subfield>
	</datafield>
	<datafield ind1="1" ind2="2" tag="710">
		<subfield code="6">880-06</subfield>
		<subfield code="a">Lebanon.</subfield>
		<subfield code="b">Mudīrīyat al-Diʻāyah wa-al-Nashr wa-al-Izāʻah.</subfield>
		<subfield code="b">مديرية الدعاية والنشر والاذاعة.</subfield>
		<subfield code="t">Qānūn Niqābat al-Ṣiḥāfah al-Lubnānīyah, tārīkh 10 Aylūl sanat 1948.</subfield>
	</datafield>
	<datafield ind1="2" ind2=" " tag="710">
		<subfield code="a">Jafet Memorial Library.</subfield>
	</datafield>
	<datafield ind1="0" ind2=" " tag="730">
		<subfield code="a">Arabic Collections Online.</subfield>
	</datafield>
	<datafield ind1="0" ind2="8" tag="776">
		<subfield code="i">Print version:</subfield>
		<subfield code="a">Lebanon. Mudīrīyat al-Diʻāyah wa-al-Nashr wa-al-Izāʻah, issuing body.</subfield>
		<subfield code="t">Qānūn al-maṭbūʻāt, tārīkh 2 Aylūl sanat 1948 ;</subfield>
		<subfield code="w">(LeBAU)b12463632</subfield>
	</datafield>
	<datafield ind1="4" ind2="0" tag="856">
		<subfield code="u">http://hdl.handle.net/2333.1/rr4xh7z6</subfield>
	</datafield>
	<datafield ind1="1" ind2=" " tag="880">
		<subfield code="6">110-01</subfield>
		<subfield code="a">لبنان.</subfield>
		<subfield code="b">Wizārat al-Dākhilīyah.</subfield>
		<subfield code="b">Mudīrīyat al-Diʻāyah wa-al-Nashr wa-al-Izāʻah,</subfield>
		<subfield code="e">هيئة اصدار. </subfield>
		<subfield code="4">isb.</subfield>
	</datafield>
	<datafield ind1="1" ind2="0" tag="880">
		<subfield code="6">240-02</subfield>
		<subfield code="a">قوانين، إلخ.</subfield>
	</datafield>
	<datafield ind1="1" ind2="0" tag="880">
		<subfield code="6">245-03</subfield>
		<subfield code="a">قانون المطبوعات، تاريخ 2 أيلول سنة 1948 ؛</subfield>
		<subfield code="b">و، قانون نقابة الصحافة اللبنانية، تاريخ 10 أيلول 1948 /</subfield>
		<subfield code="c">الجمهورية اللبنانية، وزارة الداخلية، مديرية الدعاية والنشر والاذاعة.</subfield>
	</datafield>
	<datafield ind1=" " ind2="1" tag="880">
		<subfield code="6">264-04</subfield>
		<subfield code="a">[لبنان] :</subfield>
		<subfield code="b">الجمهورية اللبنانية، وزارة الداخلية، مديرية الدعاية والنشر والاذاعة،</subfield>
		<subfield code="c">[1948؟]</subfield>
	</datafield>
	<datafield ind1=" " ind2=" " tag="880">
		<subfield code="6">300-05</subfield>
		<subfield code="a">52 صفحة ؛</subfield>
		<subfield code="c">20 سم</subfield>
	</datafield>
	<datafield ind1="1" ind2="2" tag="880">
		<subfield code="6">710-06</subfield>
		<subfield code="a">لبنان.</subfield>
		<subfield code="b">Wizārat al-Dākhilīyah.</subfield>
		<subfield code="b">Mudīrīyat al-Diʻāyah wa-al-Nashr wa-al-Izāʻah.</subfield>
		<subfield code="t">قانون نقابة الصحافة اللبنانية، تاريخ 10 أيلول سنة 1948.</subfield>
	</datafield>
	<datafield ind1=" " ind2=" " tag="959">
		<subfield code="a">NNU</subfield>
		<subfield code="b">WEB</subfield>
		<subfield code="c">GENI</subfield>
		<subfield code="t">0</subfield>
		<subfield code="m">Electronic access</subfield>
		<subfield code="s">01</subfield>
	</datafield>
	<datafield ind1=" " ind2=" " tag="999">
		<subfield code="i">LeBAU_b12463632</subfield>
		<subfield code="s">aub_aco004031</subfield>
		<subfield code="e">(ERROR-MISC)</subfield>
	</datafield>
</record>
